<?xml version="1.0" encoding="UTF-8"?><collection><record><leader>09327ntm a2200589 a 4500</leader><controlfield tag="001">005985759</controlfield><controlfield tag="003">MiAaHDL</controlfield><controlfield tag="005">20190719000000.0</controlfield><controlfield tag="006">m        d        </controlfield><controlfield tag="007">cr bn ---auaua</controlfield><controlfield tag="008">090406m14371692sy            00| ||ara d</controlfield><datafield tag="035" ind1=" " ind2=" "><subfield code="a">(MiU)005985759</subfield></datafield><datafield tag="035" ind1=" " ind2=" "><subfield code="a">sdr-miu005985759</subfield></datafield><datafield tag="040" ind1=" " ind2=" "><subfield code="a">MiU</subfield><subfield code="c">MiU</subfield><subfield code="e">amremm</subfield></datafield><datafield tag="043" ind1=" " ind2=" "><subfield code="a">n-us-mi</subfield></datafield><datafield tag="100" ind1="1" ind2=" "><subfield code="6">880-01</subfield><subfield code="a">Baghawī, al-Ḥusayn ibn Masʻūd,</subfield><subfield code="d">-1117?</subfield></datafield><datafield tag="240" ind1="1" ind2="0"><subfield code="6">880-02</subfield><subfield code="a">Maʻālim al-tanzīl.</subfield><subfield code="n">Rubʻ 2</subfield></datafield><datafield tag="245" ind1="1" ind2="3"><subfield code="6">880-03</subfield><subfield code="a">al-Rubʻ al-thānī min Kitāb Maʻālim al-tanzīl,</subfield><subfield code="f">[840, i.e. 1437 and 1103, i.e. 1692].</subfield></datafield><datafield tag="246" ind1="3" ind2=" "><subfield code="i">Title from colophon of added section (p.519):</subfield><subfield code="a">جلد الثاني من تفسير معالم التنزيل</subfield></datafield><datafield tag="246" ind1="3" ind2=" "><subfield code="i">Title from inscription on front flyleaf (p.3):</subfield><subfield code="a">معالم التنزيل</subfield></datafield><datafield tag="246" ind1="3" ind2=" "><subfield code="i">Title from inscription on front flyleaf (p.1):</subfield><subfield code="a">معالم التنزيل الثاني</subfield></datafield><datafield tag="260" ind1=" " ind2=" "><subfield code="a">[Damascus etc.,</subfield><subfield code="c">1437 and 1692].</subfield></datafield><datafield tag="300" ind1=" " ind2=" "><subfield code="a">260 leaves :</subfield><subfield code="b">paper ;</subfield><subfield code="c">270 x 190 (205 x 139 ; 199 x 125) mm.</subfield></datafield><datafield tag="500" ind1=" " ind2=" "><subfield code="a">Shelfmark: Ann Arbor, University of Michigan, Special Collections Library, Isl. Ms. 454</subfield></datafield><datafield tag="500" ind1=" " ind2=" "><subfield code="a">Origin: As appears in colophon on p.408, original (now opening) section copied by Muḥammad ibn Muḥammad ibn Ḥasan ibn Abī Shāmah al-Ḥanbalī al-Dārānī with transcription completed 21 Dhū al-Ḥijjah 840 [ca. 26 June 1437] in madrasat Shaykh al-Islām Abī ʻUmar in Damascus. As appears in colophon on p.519, transcription of added section completed 29 Ramaḍān 1103 [ca. 14 June 1692].</subfield></datafield><datafield tag="500" ind1=" " ind2=" "><subfield code="a">Accompanying materials: Inventory cataloguing slip in hand of Winifred Smeaton Thomas.</subfield></datafield><datafield tag="500" ind1=" " ind2=" "><subfield code="a">Former shelfmark: From front flyleaf and spine label, "IL 344a I" (likely supplied by Yahuda, see acquisitions slip in Isl. Ms. 453).</subfield></datafield><datafield tag="500" ind1=" " ind2=" "><subfield code="a">Binding: Pasteboards covered in dark brown leather with red leather repair to spine ; Type III binding (without flap), likely not original to codex (traces of envelope flap suggest original binding was Type II) ; doublures (board linings) in an elegant marbled paper (mainly in pink, dark blue, and lime green) ; upper hinge and repair to lower cover in green textile ; upper and lower covers carry large blind-stamped (with tan leather recessed onlay) mandorla (filled with vegetal composition, compare Déroche class. NA 6) with gold-painted accents and tooled pendants (a cluster of rosette stamps), as well as tooled and gold-painted border ; sewn in pink thread, two stations, many threads broken ; worked chevron endbands in poor condition, significant losses to headband especially with core exposed ; overall in somewhat poor condition with some abrasion and staining, flap lost, etc. ; repairs in red leather (also damaged) ; housed in box for protection.</subfield></datafield><datafield tag="500" ind1=" " ind2=" "><subfield code="a">Support: Earlier, original section on non-European laid paper with 8 laid lines per cm. (20 in roughly 25 mm., horizontal), chain lines (four groups of three visible in some bifolia, see pp.132-33 etc.) with 8-11 mm. between chains and 44-46 mm. between groups, dark cream with some inclusions, well-burnished, fairly smooth ; flyleaves, replacement leaves and added section on European laid paper with 7 laid lines per cm. (horizontal), chain lines (vertical) spaced 28 mm. apart, three crescents watermark (see p.414, 96 mm. long, perpendicular to chains, similar to Heawood 866), and "V C" under trefoil countermark (see p.410, 412), creamy, well-burnished, with some staining and tide lines.</subfield></datafield><datafield tag="500" ind1=" " ind2=" "><subfield code="a">Decoration: In original section, sūrah headings and Qurʼānic text being commented upon rubricated ; in later addition, sūrah headings and keywords introducing Qurʼānic excerpts rubricated, Qurʼānic text overlined in red</subfield></datafield><datafield tag="500" ind1=" " ind2=" "><subfield code="a">Script: Naskh and nastaʻlīq (talik) ; opening original section in naskh, an elegant Syrian hand in a thin to medium line, serifless with mainly closed counters, descenders more rectilinear (though final yāʼ more curvilinear and sweeping), extension of horizontal strokes, bowl of final nūn dramatically sweeping, pointing in distinct dots, kāf occasionally without shaqq ; later added section (and replacement leaves, pp.69-76) in nastaʻlīq (talik), elegant Turkish hand in a medium to bold line, serifless with effect of tilt to the right and of words descending to baseline, mainly closed counters, pointing in strokes rather than distinct dots.</subfield></datafield><datafield tag="500" ind1=" " ind2=" "><subfield code="a">Layout: Written in 27 lines per page.</subfield></datafield><datafield tag="500" ind1=" " ind2=" "><subfield code="a">Collation: ii, IV+1 (9), 19 V(199), I+1 (202), 5 V(252), IV (260) ; chiefly quinions ; inner bifolia of fourth quire (pp.69-76) on replacement leaves supplied with later addition ; catchwords present ; quire numbering in the form of whole words on the upper outer corner of the recto of the opening leaf of each quire in the earlier section only ; foliation in black ink, Hindu-Arabic numerals ; pagination in pencil, Western numerals, supplied during digitization (includes flyleaves and added leaves).</subfield></datafield><datafield tag="500" ind1=" " ind2=" "><subfield code="a">Colophon: [original] "وافق الفراغ من نسخه في يوم الثلثاء الحادي والعشرين من شهر ذي حجة الحرام سنة اربعين وثمان مائة على يد الفقير الى رحمة ربه القدير محمد بن محمد بن حسن بن ابي شامه الحنبلي الشهير بالداراني عفا الله عنه وعن والديه وعن من نظر فيه ودعا له ولجميع المسلمين وذلك بمدرسة شيخ الاسلام ابي عمر قدس الله روحه ونور ضريحه" ; [added section] "Scribal," triangular, reads "قد تم الجلد الثاني من تفسير معالم التنزيل للامام البغوي بعون الله عز وجل في اليوم التاسع والعشرين من شهر رمضان لسنة ثلث ومائة بعد الالف الحمد لله رب العالمين ... والحمد لله رب العالمين سنه ۱۱۰۳ ويليه سورة المريم"</subfield></datafield><datafield tag="500" ind1=" " ind2=" "><subfield code="a">Explicit: "قال من قرأ من اول سورة الكهف واخرها كانت له نورا من قدمه الى ساقه ومن قرأها كلها كانت له نورا من الارض الى السماء"</subfield></datafield><datafield tag="500" ind1=" " ind2=" "><subfield code="a">Incipit: "سورة المائدة مدينة كلها الا قوله اليوم اكملت لكم دينكم ..."</subfield></datafield><datafield tag="500" ind1=" " ind2=" "><subfield code="a">Title from 'title page' (p.5).</subfield></datafield><datafield tag="500" ind1=" " ind2=" "><subfield code="a">Ms. composite codex.</subfield></datafield><datafield tag="510" ind1="4" ind2=" "><subfield code="a">Brockelmann, C. GAL</subfield><subfield code="c">I 364 no.4 ; S I 620</subfield></datafield><datafield tag="520" ind1="8" ind2=" "><subfield code="a">Composite manuscript representing the second of four volumes of al-Baghawī's commentary on the Qurʼān, consisting of two sections: an earlier, original section (through p.408) treating Sūrat al-Māʼidah (5) to Sūrat al-Ḥijr (15), and a later addition (p.409-close) treating Sūrat al-Nahl (16) to Sūrat al-Kahf (18). Contents listing on flyleaf at opening (p.4).</subfield></datafield><datafield tag="538" ind1=" " ind2=" "><subfield code="a">Mode of access: Internet.</subfield></datafield><datafield tag="541" ind1=" " ind2=" "><subfield code="a">Acquired in 1926 from the bookseller Isaac Benjamin S.E. Yahuda via purchase transacted on his behalf by his younger brother, the famous Orientalist and manuscript collector Abraham Shalom Yahuda (1877-1951).</subfield></datafield><datafield tag="546" ind1=" " ind2=" "><subfield code="a">Arabic.</subfield></datafield><datafield tag="561" ind1=" " ind2=" "><subfield code="a">Three ownership statements each accompanied by seal impression on front flyleaf (p.3) including statement in name of the müderris Sunullah el-Edirnevî ( صنع الله الادرنوى ) accompanied by large oval seal impression, statement reads "حسبي الله تشرف به الفقير الى الله الغني صنع الله المدرس الادنروي عفا عنه الغني", statement in name of Mahmut bin Ali ( محمود بن على ), shaykh in the zāwiyah of Ali Aşık Paşa (على عاشق پاشا) accompanied by small oval seal impression, statement reads "ما تشرف به الفقير الى الله الغني القدير محمود بن علي الشيخ في زاوية علي عشق پاشاى [...؟] المحمية عفي عنهما", and statement in name of one Kadi İbrahim accompanied by octagonal seal impression, statement reads "ثم تشرف به الفقير الى الله عز وجل ابراهيم القاضي ..." ; ownership statement on 'title page' (p.5) in name of Muḥammad Amīn ʻĀṭif (Mehmet Emin Atıf) reads "من كتب محمد امين عاطف غفر الله له" ; effaced statement with catch title and possible former owner on 'title page' (p.5) ; collation statement on 'title page' (p.5) "عدد اوراق ٢٥٧" ; glosses, marginal corrections and collation marks ; notabilia (side-heads) in added section.</subfield></datafield><datafield tag="630" ind1="0" ind2="0"><subfield code="a">Qurʼan</subfield><subfield code="v">Commentaries</subfield><subfield code="v">Early works to 1800.</subfield></datafield><datafield tag="650" ind1=" " ind2="0"><subfield code="a">Manuscripts, Arabic</subfield><subfield code="z">Michigan</subfield><subfield code="z">Ann Arbor.</subfield></datafield><datafield tag="700" ind1="0" ind2=" "><subfield code="6">880-05</subfield><subfield code="a">Muḥammad ibn Muḥammad ibn Ḥasan ibn Abī Shāmah al-Ḥanbalī al-Dārānī,</subfield><subfield code="d">fl. 1437,</subfield><subfield code="e">scribe.</subfield></datafield><datafield tag="773" ind1="0" ind2=" "><subfield code="a">Yahuda Collection.</subfield></datafield><datafield tag="880" ind1="0" ind2=" "><subfield code="6">700-05/</subfield><subfield code="a">محمد بن محمد بن حسن بن ابي شامه الحنبلي الداراني,</subfield><subfield code="e">ناسخ.</subfield></datafield><datafield tag="880" ind1="1" ind2="2"><subfield code="6">245-03/</subfield><subfield code="a">الربع الثاني من كتاب معالم التنزيل,</subfield><subfield code="f">[840ه، 1437م و 1103ه، 1692م].</subfield></datafield><datafield tag="880" ind1="1" ind2="0"><subfield code="6">240-02/</subfield><subfield code="a">معالم التنزيل.</subfield><subfield code="n">ربع 2</subfield></datafield><datafield tag="880" ind1="1" ind2=" "><subfield code="6">100-01/</subfield><subfield code="a">بغوي، الحسين بن مسعود.</subfield></datafield><datafield tag="CID" ind1=" " ind2=" "><subfield code="a">005985759</subfield></datafield><datafield tag="DAT" ind1="0" ind2=" "><subfield code="a">20190719102633.0</subfield><subfield code="b">20190719000000.0</subfield></datafield><datafield tag="DAT" ind1="1" ind2=" "><subfield code="a">20190719090653.0</subfield><subfield code="b">2019-07-19T16:11:10Z</subfield></datafield><datafield tag="DAT" ind1="2" ind2=" "><subfield code="a">2015-10-02T18:00:03Z</subfield></datafield><datafield tag="CAT" ind1=" " ind2=" "><subfield code="a">SDR-MIU</subfield><subfield code="d">EX LIBRIS - ALEPH</subfield><subfield code="l">prepare.pl-004-008</subfield></datafield><datafield tag="FMT" ind1=" " ind2=" "><subfield code="a">BK</subfield></datafield><datafield tag="HOL" ind1=" " ind2=" "><subfield code="0">sdr-miu005985759</subfield><subfield code="a">MiU</subfield><subfield code="b">SDR</subfield><subfield code="c">MIU</subfield><subfield code="p">mdp.39015079105683</subfield><subfield code="s">MIU</subfield><subfield code="1">005985759</subfield></datafield><datafield tag="974" ind1=" " ind2=" "><subfield code="b">MIU</subfield><subfield code="c">MIU</subfield><subfield code="d">20190719</subfield><subfield code="s">lit-dlps-dc</subfield><subfield code="u">mdp.39015079105683</subfield><subfield code="y">1692</subfield><subfield code="r">pd</subfield><subfield code="q">bib</subfield><subfield code="t">non-US bib date2, date type m &lt; 1879</subfield></datafield></record></collection>